@article{iwaniszewski2009astronomia,
  title={Por una astronom{\'\i}a cultural renovada},
  author={Iwaniszewski, Stanislaw},
  journal={Complutum},
  volume={20},
  number={2},
  pages={23--37},
  year={2009},
  publisher={Universidad Complutense de Madrid}
}
